<?xml version="1.0" encoding="UTF-8"?><collection xmlns="http://www.loc.gov/MARC21/slim"><record><leader>00581nam--2200193-i-4500</leader><controlfield tag="001">000009104</controlfield><controlfield tag="002">20161230</controlfield><controlfield tag="005">20161230201028</controlfield><controlfield tag="008">060222s1000------------r-----000-0-rum-d</controlfield><datafield ind1=" " ind2=" " tag="040"><subfield code="a">IFIN-HH</subfield></datafield><datafield ind1=" " ind2=" " tag="041"><subfield code="a">rum</subfield></datafield><datafield ind1=" " ind2=" " tag="080"><subfield code="a">539.142:539.14</subfield></datafield><datafield ind1="1" ind2=" " tag="100"><subfield code="a">Brandus, Ioan /S.A.</subfield></datafield><datafield ind1="1" ind2="0" tag="245"><subfield code="a">Elemente de teoria nucleului</subfield><subfield code="b">Baze matematice si modele nucleare</subfield><subfield code="c">Ioan brandus, aretin corciovei, mircea iosifescu, aurel sandulescu</subfield></datafield><datafield ind1=" " ind2=" " tag="260"><subfield code="a">Bucuresti</subfield><subfield code="b">Editura Tehnica</subfield><subfield code="c">1969</subfield></datafield><datafield ind1=" " ind2=" " tag="300"><subfield code="a">368P</subfield></datafield><datafield ind1="1" ind2=" " tag="700"><subfield code="a">Sandulescu, Aurel</subfield></datafield><datafield ind1=" " ind2=" " tag="852"><subfield code="a">31873</subfield><subfield code="c">539.14</subfield></datafield><datafield ind1=" " ind2=" " tag="CAT"><subfield code="a">Sys</subfield><subfield code="c">20120327</subfield><subfield code="h">132726</subfield></datafield></record></collection>